%%%%%%%%%%%%%%%%%%%%%% THIS PAPER %%%%%%%%%%%%%%%%%%%%%%%%%%%%
@TECHREPORT{Neal93,
    author = {Radford M. Neal},
    title = {Probabilistic Inference Using Markov Chain Monte Carlo Methods},
    institution = {University of Toronto},
    year = {1993}
}


@article{LKG1989,
title = {Generating random correlation matrices based on vines and extended onion method},
journal = {Journal of Multivariate Analysis},
volume = {100},
number = {9},
pages = {1989-2001},
year = {2009},
issn = {0047-259X},
doi = {https://doi.org/10.1016/j.jmva.2009.04.008},
url = {https://www.sciencedirect.com/science/article/pii/S0047259X09000876},
author = {Daniel Lewandowski and Dorota Kurowicka and Harry Joe},
keywords = {Dependence vines, Correlation matrix, Partial correlation, Onion method},
}

@article{KANTAS2009,
title = {An Overview of Sequential Monte Carlo Methods for Parameter Estimation in General State-Space Models},
journal = {IFAC Proceedings Volumes},
volume = {42},
number = {10},
pages = {774-785},
year = {2009},
note = {15th IFAC Symposium on System Identification},
issn = {1474-6670},
doi = {https://doi.org/10.3182/20090706-3-FR-2004.00129},
url = {https://www.sciencedirect.com/science/article/pii/S1474667016387432},
author = {N. Kantas and A. Doucet and S.S. Singh and J.M. Maciejowski},
keywords = {parameter estimation, general state-space models, hidden Markov models, sequential Monte Carlo},
}

@Inbook{CHOPIN2020,
author={N. Chopin
and O. Papaspiliopoulos },
title="Importance Sampling.",
bookTitle={An Introduction to Sequential Monte Carlo},
year="2020",
publisher="Springer, Cham",
address="New York, NY",
pages="81-103",
isbn="978-3-030-47845-2",
doi="https://doi.org/10.1007/978-3-030-47845-2_8",
url="https://doi.org/10.1007/978-3-030-47845-2_8"
}

@article{Parzen62,
author = {Emanuel Parzen},
title = {{On Estimation of a Probability Density Function and Mode}},
volume = {33},
journal = {The Annals of Mathematical Statistics},
number = {3},
publisher = {Institute of Mathematical Statistics},
pages = {1065 -- 1076},
year = {1962},
doi = {10.1214/aoms/1177704472},
URL = {https://doi.org/10.1214/aoms/1177704472}
}


@Inbook{Robert1999,
author="Robert, Christian P.
and Casella, George",
title="The Metropolis---Hastings Algorithm",
bookTitle="Monte Carlo Statistical Methods",
year="1999",
publisher="Springer New York",
address="New York, NY",
pages="231--283",
abstract="It was shown in Chapter 3 that it is not necessary to use a sample from the distribution f to approximate the integral {\$}{\$}{\backslash}int {\{}h(x)f(x)dx,{\}}{\$}{\$}since importance sampling techniques can be used.",
isbn="978-1-4757-3071-5",
doi="10.1007/978-1-4757-3071-5_6",
url="https://doi.org/10.1007/978-1-4757-3071-5_6"
}

@article{NUTS,
  title={The No-U-turn sampler: adaptively setting path lengths in Hamiltonian Monte Carlo},
  author={Matthew D. Hoffman and Andrew Gelman},
  journal={J. Mach. Learn. Res.},
  year={2011},
  volume={15},
  pages={1593-1623}
} 

@ARTICLE{Caligari95,
   author = {{Caligari}, P. and {Moreno-Insertis}, F. and {Schussler}, M.
	},
    title = "{Emerging flux tubes in the solar convection zone. 1: Asymmetry, tilt, and emergence latitude}",
  journal = {\apj},
     year = 1995,
   volume = 441,
    pages = {886-902},
      doi = {10.1086/175410}
}

@ARTICLE{D'Silva93,
       author = {{D'Silva}, S. and {Choudhuri}, A.~R.},
        title = "{A theoretical model for tilts of bipolar magnetic regions}",
      journal = {\aap},
     keywords = {Sun: magnetic fields, sunspots, rotation, hydromagnetics},
         year = "1993",
        month = "May",
       volume = {272},
        pages = {621},
       adsurl = {https://ui.adsabs.harvard.edu/abs/1993A&A...272..621D},
      adsnote = {Provided by the SAO/NASA Astrophysics Data System}
}

@ARTICLE{Demoulin2009,
       author = {{D{\'e}moulin}, P. and {Pariat}, E.},
        title = "{Modelling and observations of photospheric magnetic helicity}",
      journal = {Advances in Space Research},
     keywords = {Magnetic fields, Magnetic helicity, Magneto-hydrodynamic, Photosphere, Corona, Coronal mass ejections},
         year = 2009,
        month = apr,
       volume = {43},
       number = {7},
        pages = {1013-1031},
          doi = {10.1016/j.asr.2008.12.004},
       adsurl = {https://ui.adsabs.harvard.edu/abs/2009AdSpR..43.1013D},
      adsnote = {Provided by the SAO/NASA Astrophysics Data System}
}

@ARTICLE{Fan94,
       author = {{Fan}, Y. and {Fisher}, G.~H. and {McClymont}, A.~N.},
        title = "{Dynamics of Emerging Active Region Flux Loops}",
      journal = {\apj},
     keywords = {Magnetic Flux, Magnetohydrodynamic Flow, Solar Activity, Solar Convection (Astronomy), Solar Magnetic Field, Solar Rotation, Stellar Models, Toroidal Plasmas, Computerized Simulation, Mathematical Models, Solar Physics, MAGNETOHYDRODYNAMICS: MHD, SUN: ACTIVITY, SUN: MAGNETIC FIELDS, SUN: ROTATION},
         year = "1994",
        month = "Dec",
       volume = {436},
        pages = {907},
          doi = {10.1086/174967},
       adsurl = {https://ui.adsabs.harvard.edu/abs/1994ApJ...436..907F},
      adsnote = {Provided by the SAO/NASA Astrophysics Data System}
}

@ARTICLE{Fisher95,
       author = {{Fisher}, G.~H. and {Fan}, Y. and {Howard}, R.~F.},
        title = "{Comparisons between Theory and Observation of Active Region Tilts}",
      journal = {\apj},
     keywords = {Magnetohydrodynamics, Solar Magnetic Field, Sunspots, Computerized Simulation, Numerical Analysis, Solar Convection (Astronomy), Solar Oscillations, Solar Physics, MAGNETOHYDRODYNAMICS: MHD, SUN: ACTIVITY, SUN: SUNSPOTS},
         year = "1995",
        month = "Jan",
       volume = {438},
        pages = {463},
          doi = {10.1086/175090},
       adsurl = {https://ui.adsabs.harvard.edu/abs/1995ApJ...438..463F},
      adsnote = {Provided by the SAO/NASA Astrophysics Data System}
}

@ARTICLE{Green03,
   author = {{Green}, L.~M. and {D{\'e}moulin}, P. and {Mandrini}, C.~H. and 
	{Van Driel-Gesztelyi}, L.},
    title = "{How are Emerging Flux, Flares and CMEs Related to Magnetic Polarity Imbalance in MDI Data?}",
  journal = {\solphys},
   eprint = {astro-ph/0304092},
     year = 2003,
    month = aug,
   volume = 215,
    pages = {307-325},
      doi = {10.1023/A:1025678917086},
   adsurl = {http://adsabs.harvard.edu/abs/2003SoPh..215..307G},
  adsnote = {Provided by the SAO/NASA Astrophysics Data System}
}

@ARTICLE{Hale19,
   author = {{Hale}, G.~E. and {Ellerman}, F. and {Nicholson}, S.~B. and 
	{Joy}, A.~H.},
    title = "{The Magnetic Polarity of Sun-Spots}",
  journal = {\apj},
     year = 1919,
    month = apr,
   volume = 49,
    pages = {153},
      doi = {10.1086/142452},
   adsurl = {http://adsabs.harvard.edu/abs/1919ApJ....49..153H},
  adsnote = {Provided by the SAO/NASA Astrophysics Data System}
}


@ARTICLE{Howard90,
       author = {{Howard}, R.~F. and {Harvey}, J.~W. and {Forgach}, S.},
        title = "{Solar Surface Velocity Fields Determined from Small Magnetic Features}",
      journal = {\solphys},
     keywords = {Magnetic Field Configurations, Solar Atmosphere, Solar Magnetic Field, Solar Rotation, Cross Correlation, Dynamo Theory, Raster Scanning, Solar Activity, Solar Physics},
         year = "1990",
        month = "Dec",
       volume = {130},
       number = {1-2},
        pages = {295-311},
          doi = {10.1007/BF00156795},
       adsurl = {https://ui.adsabs.harvard.edu/abs/1990SoPh..130..295H},
      adsnote = {Provided by the SAO/NASA Astrophysics Data System}
}

@ARTICLE{Jackiewicz2020,
       author = {{Jackiewicz}, Jason},
        title = "{Probabilistic Inversions for Time-Distance Helioseismology}",
      journal = {\solphys},
     keywords = {Helioseismology, inverse modeling, Interior, convective zone, Oscillations, solar, Astrophysics - Solar and Stellar Astrophysics},
         year = 2020,
        month = oct,
       volume = {295},
       number = {10},
          eid = {137},
        pages = {137},
          doi = {10.1007/s11207-020-01667-3},
archivePrefix = {arXiv},
       eprint = {2007.01432},
 primaryClass = {astro-ph.SR},
       adsurl = {https://ui.adsabs.harvard.edu/abs/2020SoPh..295..137J},
      adsnote = {Provided by the SAO/NASA Astrophysics Data System}
}



@ARTICLE{jiang2020,
       author = {{Jiang}, Jie},
        title = "{Nonlinear Mechanisms that Regulate the Solar Cycle Amplitude}",
      journal = {\apj},
     keywords = {Sunspots, Solar cycle, Solar dynamo, Solar magnetic fields, 1653, 1487, 2001, 1503, Astrophysics - Solar and Stellar Astrophysics},
         year = 2020,
        month = sep,
       volume = {900},
       number = {1},
          eid = {19},
        pages = {19},
          doi = {10.3847/1538-4357/abaa4b},
archivePrefix = {arXiv},
       eprint = {2007.07069},
 primaryClass = {astro-ph.SR},
       adsurl = {https://ui.adsabs.harvard.edu/abs/2020ApJ...900...19J},
      adsnote = {Provided by the SAO/NASA Astrophysics Data System}
}



@ARTICLE{Karak17,
       author = {{Karak}, Bidya Binay and {Miesch}, Mark},
        title = "{Solar Cycle Variability Induced by Tilt Angle Scatter in a Babcock-Leighton Solar Dynamo Model}",
      journal = {\apj},
     keywords = {dynamo, magnetohydrodynamics: MHD Sun: magnetic fields, Sun: activity, Sun: sunspots, Sun: interior, Sun: rotation, Astrophysics - Solar and Stellar Astrophysics, Astrophysics - Instrumentation and Methods for Astrophysics},
         year = "2017",
        month = "Sep",
       volume = {847},
       number = {1},
          eid = {69},
        pages = {69},
          doi = {10.3847/1538-4357/aa8636},
archivePrefix = {arXiv},
       eprint = {1706.08933},
 primaryClass = {astro-ph.SR},
       adsurl = {https://ui.adsabs.harvard.edu/abs/2017ApJ...847...69K},
      adsnote = {Provided by the SAO/NASA Astrophysics Data System}
}

@ARTICLE{Liu2012,
       author = {{Liu}, Y. and {Schuck}, P.~W.},
        title = "{Magnetic Energy and Helicity in Two Emerging Active Regions in the Sun}",
      journal = {\apj},
     keywords = {Sun: activity, Sun: surface magnetism},
         year = 2012,
        month = dec,
       volume = {761},
       number = {2},
          eid = {105},
        pages = {105},
          doi = {10.1088/0004-637X/761/2/105},
       adsurl = {https://ui.adsabs.harvard.edu/abs/2012ApJ...761..105L},
      adsnote = {Provided by the SAO/NASA Astrophysics Data System}
}

@ARTICLE{liu2016,
       author = {{Liu}, Jiajia and {Wang}, Yuming and {Erd{\'e}lyi}, Robertus and {Liu}, Rui and {McIntosh}, Scott W. and {Gou}, Tingyu and {Chen}, Jun and {Liu}, Kai and {Liu}, Lijuan and {Pan}, Zonghao},
        title = "{On the Magnetic and Energy Characteristics of Recurrent Homologous Jets from An Emerging Flux}",
      journal = {\apj},
     keywords = {Sun: atmosphere, Sun: magnetic fields, Astrophysics - Solar and Stellar Astrophysics},
         year = 2016,
        month = dec,
       volume = {833},
       number = {2},
          eid = {150},
        pages = {150},
          doi = {10.3847/1538-4357/833/2/150},
archivePrefix = {arXiv},
       eprint = {1608.07705},
 primaryClass = {astro-ph.SR},
       adsurl = {https://ui.adsabs.harvard.edu/abs/2016ApJ...833..150L},
      adsnote = {Provided by the SAO/NASA Astrophysics Data System}
}



@Article{Liu04,
author="Liu, Yang
and Xuepu Zhao
and Hoeksema, J. Todd",
title="Correction of Offset in MDI/SOHO Magnetograms",
journal="Solar Physics",
year="2004",
month="Jan",
day="01",
volume="219",
number="1",
pages="39--53",
doi="10.1023/B:SOLA.0000021822.07430.d6"
}

@ARTICLE{Luoni2011,
   author = {{Luoni}, M.~L. and {D{\'e}moulin}, P. and {Mandrini}, C.~H. and 
	{van Driel-Gesztelyi}, L.},
    title = "{Twisted Flux Tube Emergence Evidenced in Longitudinal Magnetograms: Magnetic Tongues}",
  journal = {\solphys},
     year = 2011,
   volume = 270,
    pages = {45-74},
      doi = {10.1007/s11207-011-9731-8},
   adsurl = {http://cdsads.u-strasbg.fr/abs/2011SoPh..270...45L},
  adsnote = {Provided by the SAO/NASA Astrophysics Data System}
}

@article{PyMC3,
 author = {Salvatier, J. and Wiecki, TV and Fonnesbeck, C.},
 title = {Probabilistic programming in Python using PyMC3},
 year = {2016},
 journal = {PeerJ Computer Science},
 publisher = {PeerJ},
 address = {San Diego, USA},
}

@ARTICLE{vanDriel15,
       author = {{van Driel-Gesztelyi}, Lidia and {Green}, Lucie May},
        title = "{Evolution of Active Regions}",
      journal = {Living Reviews in Solar Physics},
     keywords = {Active regions, Magnetic flux dispersion, Magnetic flux emergence, Evolution of active regions},
         year = "2015",
        month = "Sep",
       volume = {12},
       number = {1},
          eid = {1},
        pages = {1},
          doi = {10.1007/lrsp-2015-1},
       adsurl = {https://ui.adsabs.harvard.edu/abs/2015LRSP...12....1V},
      adsnote = {Provided by the SAO/NASA Astrophysics Data System}
}

@article{Vehtari2021,
author = {Aki Vehtari and Andrew Gelman and Daniel Simpson and Bob Carpenter and Paul-Christian Bürkner},
title = {{Rank-Normalization, Folding, and Localization: An Improved $\widehat{R}$ for Assessing Convergence of MCMC (with Discussion)}},
volume = {16},
journal = {Bayesian Analysis},
number = {2},
publisher = {International Society for Bayesian Analysis},
pages = {667 -- 718},
year = {2021},
doi = {10.1214/20-BA1221},
URL = {https://doi.org/10.1214/20-BA1221}
}

@ARTICLE{Wang91,
   author = {{Wang}, Y.-M. and {Sheeley}, Jr., N.~R.},
    title = "{Magnetic flux transport and the sun's dipole moment - New twists to the Babcock-Leighton model}",
  journal = {\apj},
 keywords = {Dipole Moments, Magnetic Flux, Poloidal Flux, Solar Magnetic Field, Solar Flux, Solar Rotation, Stellar Models},
     year = 1991,
    month = jul,
   volume = 375,
    pages = {761-770},
      doi = {10.1086/170240},
   adsurl = {http://cdsads.u-strasbg.fr/abs/1991ApJ...375..761W},
  adsnote = {Provided by the SAO/NASA Astrophysics Data System}
}


@ARTICLE{Wang17,
       author = {{Wang}, Y. -M.},
        title = "{Surface Flux Transport and the Evolution of the Sun's Polar Fields}",
      journal = {\ssr},
     keywords = {Solar cycle, Solar dynamo, Solar polar fields, Magnetic flux transport on Sun},
         year = "2017",
        month = "Sep",
       volume = {210},
       number = {1-4},
        pages = {351-365},
          doi = {10.1007/s11214-016-0257-0},
       adsurl = {https://ui.adsabs.harvard.edu/abs/2017SSRv..210..351W},
      adsnote = {Provided by the SAO/NASA Astrophysics Data System}
}


@ARTICLE{Fan09r,
   author = {{Fan}, Y.},
    title = "{Magnetic Fields in the Solar Convection Zone}",
  journal = {\lrsp},
     year = 2009,
   volume = 6,
    pages = {4},
      doi = {10.12942/lrsp-2009-4},
   adsurl = {http://cdsads.u-strasbg.fr/abs/2009LRSP....6....4F},
  adsnote = {Provided by the SAO/NASA Astrophysics Data System}
}

@ARTICLE{fan2001,
       author = {{Fan}, Y.},
        title = "{The Emergence of a Twisted {\ensuremath{\Omega}}-Tube into the Solar Atmosphere}",
      journal = {\apjl},
     keywords = {Magnetohydrodynamics: MHD, Sun: Magnetic Fields, Sun: Photosphere},
         year = 2001,
        month = jun,
       volume = {554},
       number = {1},
        pages = {L111-L114},
          doi = {10.1086/320935},
       adsurl = {https://ui.adsabs.harvard.edu/abs/2001ApJ...554L.111F},
      adsnote = {Provided by the SAO/NASA Astrophysics Data System}
}



@ARTICLE{Weber13,
   author = {{Weber}, M.~A. and {Fan}, Y. and {Miesch}, M.~S.},
    title = "{Comparing Simulations of Rising Flux Tubes Through the Solar Convection Zone with Observations of Solar Active Regions: Constraining the Dynamo Field Strength}",
  journal = {\solphys},
archivePrefix = "arXiv",
   eprint = {1208.1292},
 primaryClass = "astro-ph.SR",
 keywords = {Interior, convection zone, Magnetic fields, models},
     year = 2013,
    month = oct,
   volume = 287,
    pages = {239-263},
      doi = {10.1007/s11207-012-0093-7},
   adsurl = {http://cdsads.u-strasbg.fr/abs/2013SoPh..287..239W},
  adsnote = {Provided by the SAO/NASA Astrophysics Data System}
}

%%%%%%%%%%%%%%%%%%%%%%%%%%%%%%%%%%%%%%%%%%%%%%%%%%%%%%%%%%%%%%%%%%%%%%% E
@ARTICLE{Emonet98,
   author = {{Emonet}, T. and {Moreno-Insertis}, F.},
    title = "{The physics of twisted magnetic tubes rising in a stratified medium: two-dimensional results}",
  journal = {\apj},
     year = 1998,
   volume = 492,
    pages = {804-821},
      doi = {10.1086/305074},
   adsurl = {http://cdsads.u-strasbg.fr/abs/1998ApJ...492..804E},
  adsnote = {Provided by the SAO/NASA Astrophysics Data System}
}


%%%%%%%%%%%%%%%%%%%%%%%%%%%%%%%%%%%%%%%%%%%%%%%%%%%%%%%%%%%%%%%%%%%%%%% A
@ARTICLE{Abbett01,
   author = {{Abbett}, W.~P. and {Fisher}, G.~H. and {Fan}, Y.},
    title = "{The effects of rotation on the evolution of rising omega loops in a stratified model convection zone}",
  journal = {\apj},
   eprint = {arXiv:astro-ph/0008501},
     year = 2001,
   volume = 546,
    pages = {1194-1203},
      doi = {10.1086/318320}
}


@article{Martinez15,
	doi = {10.1088/0004-637x/814/1/2},
	url = {https://doi.org/10.1088/0004-637x/814/1/2},
	year = 2015,
	month = {nov},
	publisher = {American Astronomical Society},
	volume = {814},
	number = {1},
	pages = {2},
	author = {Juan Mart{\'{\i}}nez-Sykora and Fernando Moreno-Insertis and Mark C. M. Cheung},
	title = {{MULTI}-{PARAMETRIC} {STUDY} {OF} {RISING} 3D {BUOYANT} {FLUX} {TUBES} {IN} {AN} {ADIABATIC} {STRATIFICATION} {USING} {AMR}},
	journal = {The Astrophysical Journal}
}

@ARTICLE{leka1996,
       author = {{Leka}, K.~D. and {Canfield}, R.~C. and {McClymont}, A.~N. and {van Driel-Gesztelyi}, L.},
        title = "{Evidence for Current-carrying Emerging Flux}",
      journal = {\apj},
     keywords = {MAGNETOHYDRODYNAMICS: MHD, SUN: ACTIVITY, SUN: MAGNETIC FIELDS, SUN: SUNSPOTS},
         year = 1996,
        month = may,
       volume = {462},
        pages = {547},
          doi = {10.1086/177171},
       adsurl = {https://ui.adsabs.harvard.edu/abs/1996ApJ...462..547L},
      adsnote = {Provided by the SAO/NASA Astrophysics Data System}
}


@ARTICLE{Lopez-Fuentes03,
       author = {{L{\'o}pez Fuentes}, M.~C. and {D{\'e}moulin}, P. and {Mandrini}, C.~H. and {Pevtsov}, A.~A. and {van Driel-Gesztelyi}, L.},
        title = "{Magnetic twist and writhe of active regions. On the origin of deformed flux tubes}",
      journal = {\aap},
     keywords = {magnetic fields, methods: data analysis, Sun: interior, Sun: magnetic fields, Sun: photosphere, Astrophysics - Solar and Stellar Astrophysics},
         year = 2003,
        month = jan,
       volume = {397},
        pages = {305-318},
          doi = {10.1051/0004-6361:20021487},
archivePrefix = {arXiv},
       eprint = {1411.5626},
 primaryClass = {astro-ph.SR},
       adsurl = {https://ui.adsabs.harvard.edu/abs/2003A&A...397..305L},
      adsnote = {Provided by the SAO/NASA Astrophysics Data System}
}

@ARTICLE{Lopez-Fuentes00,
     author = {{L{\'o}pez Fuentes}, M.~C. and {D{\'e}moulin}, P. and {Mandrini}, C.~H. and 
 	{van Driel-Gesztelyi}, L.},
     title = "{The counterkink rotation of a non-Hale active region}",
  journal = {\apj},
     year = 2000,
   volume = 544,
    pages = {540-549},
      doi = {10.1086/317180}
 }
 
 @ARTICLE{Mandrini14,
   author = {{Mandrini}, C.~H. and {Schmieder}, B. and {D{\'e}moulin}, P. and 
	{Guo}, Y. and {Cristiani}, G.~D.},
    title = "{Topological Analysis of Emerging Bipole Clusters Producing Violent Solar Events}",
  journal = {\solphys},
archivePrefix = "arXiv",
   eprint = {1312.3359},
 primaryClass = "astro-ph.SR",
 keywords = {Sun: flares, Sun: filament eruptions, Sun: magnetic fields},
     year = 2014,
    month = jun,
   volume = 289,
    pages = {2041-2071},
      doi = {10.1007/s11207-013-0458-6},
   adsurl = {http://adsabs.harvard.edu/abs/2014SoPh..289.2041M},
  adsnote = {Provided by the SAO/NASA Astrophysics Data System}
}

@ARTICLE{Valori15,
   author = {{Valori}, G. and {Romano}, P. and {Malanushenko}, A. and {Ermolli}, I. and 
	{Giorgi}, F. and {Steed}, K. and {van Driel-Gesztelyi}, L. and 
	{Zuccarello}, F. and {Malherbe}, J.-M.},
    title = "{Time Evolution of Force-Free Parameter and Free Magnetic Energy in Active Region NOAA 10365}",
  journal = {\solphys},
 keywords = {Magnetic fields, photosphere, Velocity fields, photosphere},
     year = 2015,
    month = feb,
   volume = 290,
    pages = {491-506},
      doi = {10.1007/s11207-014-0608-5},
   adsurl = {http://adsabs.harvard.edu/abs/2015SoPh..290..491V},
  adsnote = {Provided by the SAO/NASA Astrophysics Data System}
}

@ARTICLE{Yardley16,
   author = {{Yardley}, S.~L. and {Green}, L.~M. and {Williams}, D.~R. and 
	{van Driel-Gesztelyi}, L. and {Valori}, G. and {Dacie}, S.},
    title = "{Flux Cancellation and the Evolution of the Eruptive Filament of 2011 June 7}",
  journal = {\apj},
archivePrefix = "arXiv",
   eprint = {1606.08264},
 primaryClass = "astro-ph.SR",
 keywords = {Sun: activity, Sun: coronal mass ejections: CMEs, Sun: evolution, Sun: filaments, prominences, Sun: magnetic fields, Sun: photosphere},
     year = 2016,
    month = aug,
   volume = 827,
      eid = {151},
    pages = {151},
      doi = {10.3847/0004-637X/827/2/151},
   adsurl = {http://adsabs.harvard.edu/abs/2016ApJ...827..151Y},
  adsnote = {Provided by the SAO/NASA Astrophysics Data System}
}

@ARTICLE{Vemareddy17,
   author = {{Vemareddy}, P. and {D{\'e}moulin}, P.},
    title = "{Successive injection of opposite magnetic helicity in solar active region NOAA 11928}",
  journal = {\aap},
archivePrefix = "arXiv",
   eprint = {1611.00699},
 primaryClass = "astro-ph.SR",
 keywords = {Sun: magnetic fields, Sun: flares, Sun: activity, Sun: photosphere, Sun: corona},
     year = 2017,
    month = jan,
   volume = 597,
      eid = {A104},
    pages = {A104},
      doi = {10.1051/0004-6361/201629282},
   adsurl = {http://adsabs.harvard.edu/abs/2017A%26A...597A.104V},
  adsnote = {Provided by the SAO/NASA Astrophysics Data System}
}

@ARTICLE{Dacie18,
   author = {{Dacie}, S. and {T{\"o}r{\"o}k}, T. and {D{\'e}moulin}, P. and 
	{Linton}, M.~G. and {Downs}, C. and {van Driel-Gesztelyi}, L. and 
	{Long}, D.~M. and {Leake}, J.~E.},
    title = "{Sequential Eruptions Triggered by Flux Emergence: Observations and Modeling}",
  journal = {\apj},
archivePrefix = "arXiv",
   eprint = {1807.00020},
 primaryClass = "astro-ph.SR",
 keywords = {Sun: corona, Sun: coronal mass ejections: CMEs, Sun: magnetic fields},
     year = 2018,
    month = aug,
   volume = 862,
      eid = {117},
    pages = {117},
      doi = {10.3847/1538-4357/aacce3},
   adsurl = {http://adsabs.harvard.edu/abs/2018ApJ...862..117D},
  adsnote = {Provided by the SAO/NASA Astrophysics Data System}
}

@ARTICLE{Lopez-Fuentes18,
   author = {{L{\'o}pez Fuentes}, M. and {Mandrini}, C.~H. and {Poisson}, M. and 
	{D{\'e}moulin}, P. and {Cristiani}, G. and {L{\'o}pez}, F.~M. and 
	{Luoni}, M.~L.},
    title = "{Physical Processes Involved in the EUV ``Surge'' Event of 9 May 2012}",
  journal = {\solphys},
archivePrefix = "arXiv",
   eprint = {1810.12403},
 primaryClass = "astro-ph.SR",
 keywords = {Active Regions, Models, Flares, Relation to Magnetic Field, Magnetic Reconnection, Observational Signatures, Surges, Jets},
     year = 2018,
    month = dec,
   volume = 293,
      eid = {166},
    pages = {166},
      doi = {10.1007/s11207-018-1384-4},
   adsurl = {http://adsabs.harvard.edu/abs/2018SoPh..293..166L},
  adsnote = {Provided by the SAO/NASA Astrophysics Data System}
}

@ARTICLE{Archontis04,
       author = {{Archontis}, V. and {Moreno-Insertis}, F. and {Galsgaard}, K. and {Hood}, A. and {O'Shea}, E.},
        title = "{Emergence of magnetic flux from the convection zone into the corona}",
      journal = {\aap},
     keywords = {Sun: corona, Sun: magnetic fields, Sun: interior, magnetohydrodynamics (MHD), methods: numerical, stars: activity},
         year = 2004,
        month = nov,
       volume = {426},
        pages = {1047-1063},
          doi = {10.1051/0004-6361:20035934},
       adsurl = {https://ui.adsabs.harvard.edu/abs/2004A&A...426.1047A},
      adsnote = {Provided by the SAO/NASA Astrophysics Data System}
}



@ARTICLE{Archontis10,
   author = {{Archontis}, V. and {Hood}, A.~W.},
    title = "{Flux emergence and coronal eruption}",
  journal = {\aap},
     year = 2010,
   volume = 514,
    pages = {A56},
      doi = {10.1051/0004-6361/200913502},
   adsurl = {http://cdsads.u-strasbg.fr/abs/2010A%26A...514A..56A},
  adsnote = {Provided by the SAO/NASA Astrophysics Data System}
}

@ARTICLE{cheung2014,
       author = {{Cheung}, Mark C.~M. and {Isobe}, Hiroaki},
        title = "{Flux Emergence (Theory)}",
      journal = {Living Reviews in Solar Physics},
     keywords = {Radiative transfer, Active regions, Magnetohydrodynamics (MHD), Flux emergence, Reconnection, Convection, Plasma physics},
         year = 2014,
        month = jul,
       volume = {11},
       number = {1},
          eid = {3},
        pages = {3},
          doi = {10.12942/lrsp-2014-3},
       adsurl = {https://ui.adsabs.harvard.edu/abs/2014LRSP...11....3C},
      adsnote = {Provided by the SAO/NASA Astrophysics Data System}
}



@ARTICLE{Cheung10,
   author = {{Cheung}, M.~C.~M. and {Rempel}, M. and {Title}, A.~M. and {Sch{\"u}ssler}, M.},
    title = "{Simulation of the Formation of a Solar Active Region}",
  journal = {\apj},
archivePrefix = "arXiv",
   eprint = {1006.4117},
 primaryClass = "astro-ph.SR",
     year = 2010,
   volume = 720,
    pages = {233-244},
      doi = {10.1088/0004-637X/720/1/233},
   adsurl = {http://cdsads.u-strasbg.fr/abs/2010ApJ...720..233C},
  adsnote = {Provided by the SAO/NASA Astrophysics Data System}
}

@ARTICLE{MacTaggart21,
       author = {{MacTaggart}, D. and {Prior}, C. and {Raphaldini}, B. and {Romano}, P. and {Guglielmino}, S.~L.},
        title = "{Direct evidence that twisted flux tube emergence creates solar active regions}",
      journal = {Nature Communications},
     keywords = {Astrophysics - Solar and Stellar Astrophysics},
         year = 2021,
        month = nov,
       volume = {12},
          eid = {6621},
        pages = {6621},
          doi = {10.1038/s41467-021-26981-7},
archivePrefix = {arXiv},
       eprint = {2106.11638},
 primaryClass = {astro-ph.SR},
       adsurl = {https://ui.adsabs.harvard.edu/abs/2021NatCo..12.6621M},
      adsnote = {Provided by the SAO/NASA Astrophysics Data System}
}



@ARTICLE{MacTaggart11,
   author = {{MacTaggart}, D.},
    title = "{Flux emergence within mature solar active regions}",
  journal = {\aap},
     year = 2011,
   volume = 531,
      eid = {A108},
    pages = {A108},
      doi = {10.1051/0004-6361/201117099},
}

@ARTICLE{Jouve13,
   author = {{Jouve}, L. and {Brun}, A.~S. and {Aulanier}, G.},
    title = "{Global dynamics of subsurface solar active regions}",
  journal = {\apj},
     year = 2013,
   volume = 762,
    pages = {4},
      doi = {10.1088/0004-637X/762/1/4},
}

@ARTICLE{Rempel14,
   author = {{Rempel}, M. and {Cheung}, M.~C.~M.},
    title = "{Numerical Simulations of Active Region Scale Flux Emergence: From Spot Formation to Decay}",
  journal = {\apj},
archivePrefix = "arXiv",
   eprint = {1402.4703},
 primaryClass = "astro-ph.SR",
 keywords = {convection, magnetohydrodynamics: MHD, radiative transfer, sunspots },
     year = 2014,
    month = apr,
   volume = 785,
      eid = {90},
    pages = {90},
      doi = {10.1088/0004-637X/785/2/90},
   adsurl = {http://adsabs.harvard.edu/abs/2014ApJ...785...90R},
  adsnote = {Provided by the SAO/NASA Astrophysics Data System}
}

@ARTICLE{Thalmann2021,
       author = {{Thalmann}, J.~K. and {Georgoulis}, M.~K. and {Liu}, Y. and {Pariat}, E. and {Valori}, G. and {Anfinogentov}, S. and {Chen}, F. and {Guo}, Y. and {Moraitis}, K. and {Yang}, S. and {Mastrano}, Alpha and {ISSI Team on Magnetic Helicity}},
        title = "{Magnetic Helicity Estimations in Models and Observations of the Solar Magnetic Field. IV. Application to Solar Observations}",
      journal = {\apj},
     keywords = {Solar magnetic fields, Solar flares, Solar coronal mass ejections, Astronomy data analysis, Astronomy data modeling, 1503, 1496, 310, 1858, 1859, Astrophysics - Solar and Stellar Astrophysics},
         year = 2021,
        month = nov,
       volume = {922},
       number = {1},
          eid = {41},
        pages = {41},
          doi = {10.3847/1538-4357/ac1f93},
archivePrefix = {arXiv},
       eprint = {2108.08525},
 primaryClass = {astro-ph.SR},
       adsurl = {https://ui.adsabs.harvard.edu/abs/2021ApJ...922...41T},
      adsnote = {Provided by the SAO/NASA Astrophysics Data System}
}


@ARTICLE{Takasao15,
   author = {{Takasao}, S. and {Fan}, Y. and {Cheung}, M.~C.~M. and {Shibata}, K.
	},
    title = "{Numerical Study on the Emergence of Kinked Flux Tube for Understanding of Possible Origin of {$\delta$}-spot Regions}",
  journal = {\apj},
archivePrefix = "arXiv",
   eprint = {1511.02863},
 primaryClass = "astro-ph.SR",
 keywords = {Sun: corona, Sun: interior, Sun: magnetic fields},
     year = 2015,
    month = nov,
   volume = 813,
      eid = {112},
    pages = {112},
      doi = {10.1088/0004-637X/813/2/112},
   adsurl = {http://adsabs.harvard.edu/abs/2015ApJ...813..112T},
  adsnote = {Provided by the SAO/NASA Astrophysics Data System}
}

@ARTICLE{torok2018,
       author = {{T{\"o}r{\"o}k}, Tibor and {Downs}, Cooper and {Linker}, Jon A. and {Lionello}, R. and {Titov}, Viacheslav S. and {Miki{\'c}}, Zoran and {Riley}, Pete and {Caplan}, Ronald M. and {Wijaya}, Janvier},
        title = "{Sun-to-Earth MHD Simulation of the 2000 July 14 {\textquotedblleft}Bastille Day{\textquotedblright} Eruption}",
      journal = {\apj},
     keywords = {magnetohydrodynamics: MHD, Sun: corona, Sun: coronal mass ejections: CMEs, Astrophysics - Solar and Stellar Astrophysics, Physics - Space Physics},
         year = 2018,
        month = mar,
       volume = {856},
       number = {1},
          eid = {75},
        pages = {75},
          doi = {10.3847/1538-4357/aab36d},
archivePrefix = {arXiv},
       eprint = {1801.05903},
 primaryClass = {astro-ph.SR},
       adsurl = {https://ui.adsabs.harvard.edu/abs/2018ApJ...856...75T},
      adsnote = {Provided by the SAO/NASA Astrophysics Data System}
}



@article{Li12,
	doi = {10.1088/0004-637x/758/2/115},
	url = {https://doi.org/10.1088%2F0004-637x%2F758%2F2%2F115},
	year = 2012,
	month = {oct},
	publisher = {{IOP} Publishing},
	volume = {758},
	number = {2},
	pages = {115},
	author = {Jing Li and Roger K. Ulrich},
	title = {{LONG}-{TERM} {MEASUREMENTS} {OF} {SUNSPOT} {MAGNETIC} {TILT} {ANGLES}},
	journal = {The Astrophysical Journal}
}

@ARTICLE{McClintock13,
   author = {{McClintock}, B.~H. and {Norton}, A.~A.},
    title = "{Recovering Joy's Law as a Function of Solar Cycle, Hemisphere, and Longitude}",
  journal = {\solphys},
archivePrefix = "arXiv",
   eprint = {1305.3205},
 primaryClass = "astro-ph.SR",
 keywords = {Joy's law, Sunspots},
     year = 2013,
    month = oct,
   volume = 287,
    pages = {215-227},
      doi = {10.1007/s11207-013-0338-0},
   adsurl = {http://cdsads.u-strasbg.fr/abs/2013SoPh..287..215M},
  adsnote = {Provided by the SAO/NASA Astrophysics Data System}
}

@ARTICLE{McClintock14,
   author = {{McClintock}, B.~H. and {Norton}, A.~A. and {Li}, J.},
    title = "{Re-examining Sunspot Tilt Angle to Include Anti-Hale Statistics}",
  journal = {\apj},
archivePrefix = "arXiv",
   eprint = {1412.5094},
 primaryClass = "astro-ph.SR",
 keywords = {sunspots},
     year = 2014,
    month = dec,
   volume = 797,
      eid = {130},
    pages = {130},
      doi = {10.1088/0004-637X/797/2/130},
   adsurl = {http://cdsads.u-strasbg.fr/abs/2014ApJ...797..130M},
  adsnote = {Provided by the SAO/NASA Astrophysics Data System}
}

@ARTICLE{Wang15,
   author = {{Wang}, Y.-M. and {Colaninno}, R.~C. and {Baranyi}, T. and {Li}, J.
	},
    title = "{Active-region Tilt Angles: Magnetic versus White-light Determinations of Joy's Law}",
  journal = {\apj},
archivePrefix = "arXiv",
   eprint = {1412.2329},
 primaryClass = "astro-ph.SR",
 keywords = {Sun: activity, Sun: faculae, plages, Sun: magnetic fields, Sun: photosphere, sunspots},
     year = 2015,
    month = jan,
   volume = 798,
      eid = {50},
    pages = {50},
      doi = {10.1088/0004-637X/798/1/50},
   adsurl = {http://cdsads.u-strasbg.fr/abs/2015ApJ...798...50W},
  adsnote = {Provided by the SAO/NASA Astrophysics Data System}
}


@ARTICLE{Tlatova18,
   author = {{Tlatova}, K. and {Tlatov}, A. and {Pevtsov}, A. and {Mursula}, K. and 
	{Vasil'eva}, V. and {Heikkinen}, E. and {Bertello}, L. and {Pevtsov}, A. and 
	{Virtanen}, I. and {Karachik}, N.},
    title = "{Tilt of Sunspot Bipoles in Solar Cycles 15 to 24}",
  journal = {\solphys},
archivePrefix = "arXiv",
   eprint = {1807.07913},
 primaryClass = "astro-ph.SR",
 keywords = {Sun: activity, Sun: magnetic fields, Sunspots},
     year = 2018,
    month = aug,
   volume = 293,
      eid = {118},
    pages = {118},
      doi = {10.1007/s11207-018-1337-y},
   adsurl = {http://cdsads.u-strasbg.fr/abs/2018SoPh..293..118T},
  adsnote = {Provided by the SAO/NASA Astrophysics Data System}
}

@ARTICLE{Hood12,
       author = {{Hood}, A.~W. and {Archontis}, V. and {MacTaggart}, D.},
        title = "{3D MHD Flux Emergence Experiments: Idealised Models and Coronal Interactions}",
      journal = {\solphys},
     keywords = {Flux emergence, Magnetohydrodynamics, Astrophysics - Solar and Stellar Astrophysics},
         year = 2012,
        month = may,
       volume = {278},
       number = {1},
        pages = {3-31},
          doi = {10.1007/s11207-011-9745-2},
archivePrefix = {arXiv},
       eprint = {1103.3685},
 primaryClass = {astro-ph.SR},
       adsurl = {https://ui.adsabs.harvard.edu/abs/2012SoPh..278....3H},
      adsnote = {Provided by the SAO/NASA Astrophysics Data System}
}

@article{Hartigan1985,
 ISSN = {00905364, 21688966},
 URL = {http://www.jstor.org/stable/2241144},
 abstract = {The dip test measures multimodality in a sample by the maximum difference, over all sample points, between the empirical distribution function, and the unimodal distribution function that minimizes that maximum difference. The uniform distribution is the asymptotically least favorable unimodal distribution, and the distribution of the test statistic is determined asymptotically and empirically when sampling from the uniform.},
 author = {J. A. Hartigan and P. M. Hartigan},
 journal = {The Annals of Statistics},
 number = {1},
 pages = {70--84},
 publisher = {Institute of Mathematical Statistics},
 title = {The Dip Test of Unimodality},
 urldate = {2025-01-18},
 volume = {13},
 year = {1985}
}

@ARTICLE{Howard84,
       author = {{Howard}, R. and {Gilman}, P.~I. and {Gilman}, P.~A.},
        title = "{Rotation of the sun measured from Mount Wilson white-light images}",
      journal = {\apj},
     keywords = {Astronomical Photography, Solar Rotation, Sunspots, Angular Velocity, Annual Variations, Data Reduction, Solar Physics},
         year = "1984",
        month = "Aug",
       volume = {283},
        pages = {373-384},
          doi = {10.1086/162315},
       adsurl = {https://ui.adsabs.harvard.edu/abs/1984ApJ...283..373H},
      adsnote = {Provided by the SAO/NASA Astrophysics Data System}
}

@ARTICLE{Sivaraman93,
       author = {{Sivaraman}, K.~R. and {Gupta}, S.~S. and {Howard}, Robert F.},
        title = "{Measurement of Kodiakanal White-Light Images - Part One}",
      journal = {\solphys},
     keywords = {Astronomical Observatories, Astronomical Photography, Solar Rotation, Spectroheliographs, Sunspots, Calibrating, India, Latitude, Precision, Solar Limb, Umbras, Solar Physics},
         year = "1993",
        month = "Jul",
       volume = {146},
       number = {1},
        pages = {27-47},
          doi = {10.1007/BF00662168},
       adsurl = {https://ui.adsabs.harvard.edu/abs/1993SoPh..146...27S},
      adsnote = {Provided by the SAO/NASA Astrophysics Data System}
}

@ARTICLE{Baranyi16,
       author = {{Baranyi}, T. and {Gy{\H{o}}ri}, L. and {Ludm{\'a}ny}, A.},
        title = "{On-line Tools for Solar Data Compiled at the Debrecen Observatory and Their Extensions with the Greenwich Sunspot Data}",
      journal = {\solphys},
     keywords = {Sunspots, Active regions, Magnetic fields, Astrophysics - Solar and Stellar Astrophysics},
         year = "2016",
        month = "Nov",
       volume = {291},
       number = {9-10},
        pages = {3081-3102},
          doi = {10.1007/s11207-016-0930-1},
archivePrefix = {arXiv},
       eprint = {1606.00669},
 primaryClass = {astro-ph.SR},
       adsurl = {https://ui.adsabs.harvard.edu/abs/2016SoPh..291.3081B},
      adsnote = {Provided by the SAO/NASA Astrophysics Data System}
}

@ARTICLE{Bishop2024,
       author = {{Bishop}, Mark and {Ougthon}, Sean and {Parashar}, Tulasi and {Perrott}, Yvette},
        title = "{Constraining solar wind transport model parameters using Bayesian analysis}",
      journal = {arXiv e-prints},
     keywords = {Astrophysics - Solar and Stellar Astrophysics, Physics - Plasma Physics, Physics - Space Physics},
         year = 2024,
        month = dec,
          eid = {arXiv:2412.07897},
        pages = {arXiv:2412.07897},
          doi = {10.48550/arXiv.2412.07897},
archivePrefix = {arXiv},
       eprint = {2412.07897},
 primaryClass = {astro-ph.SR},
       adsurl = {https://ui.adsabs.harvard.edu/abs/2024arXiv241207897B},
      adsnote = {Provided by the SAO/NASA Astrophysics Data System}
}



@ARTICLE{pevtsov2003,
       author = {{Pevtsov}, Alexei A. and {Maleev}, Vasily M. and {Longcope}, Dana W.},
        title = "{Helicity Evolution in Emerging Active Regions}",
      journal = {\apj},
     keywords = {Sun: Corona, Sun: Magnetic Fields, Sun: Sunspots},
         year = 2003,
        month = aug,
       volume = {593},
       number = {2},
        pages = {1217-1225},
          doi = {10.1086/376733},
       adsurl = {https://ui.adsabs.harvard.edu/abs/2003ApJ...593.1217P},
      adsnote = {Provided by the SAO/NASA Astrophysics Data System}
}

@ARTICLE{Poisson25,
       author = {{Poisson}, Mariano and {D{\'e}moulin}, Pascal and {L{\'o}pez Fuentes}, Marcelo and {Mandrini}, Cristina H.},
        title = "{Bayesian Modeling of Emerging Bipolar Active Regions from Solar Cycle 23}",
      journal = {\solphys},
     keywords = {Active regions, magnetic fields, models, Magnetic fields, photosphere, Astrophysics - Solar and Stellar Astrophysics},
         year = 2025,
        month = apr,
       volume = {submitted},
}

@ARTICLE{Poisson24,
       author = {{Poisson}, Mariano and {L{\'o}pez Fuentes}, Marcelo and {Mandrini}, Cristina H. and {D{\'e}moulin}, Pascal and {Grings}, Francisco},
        title = "{Modeling Global Magnetic-Flux Emergence in Bipolar Solar-Active Regions}",
      journal = {\solphys},
     keywords = {Active regions, magnetic fields, models, Magnetic fields, photosphere, Astrophysics - Solar and Stellar Astrophysics},
         year = 2024,
        month = apr,
       volume = {299},
       number = {4},
          eid = {56},
        pages = {56},
          doi = {10.1007/s11207-024-02303-0},
archivePrefix = {arXiv},
       eprint = {2405.12208},
 primaryClass = {astro-ph.SR},
       adsurl = {https://ui.adsabs.harvard.edu/abs/2024SoPh..299...56P},
      adsnote = {Provided by the SAO/NASA Astrophysics Data System}
}



@article{Poisson22,
	author = {{Poisson}, M. and {Grings}, F. and {Mandrini}, C. H. and {L\'opez Fuentes}, M. and {D\'emoulin}, P.},
	title = {Bayesian approach for modeling global magnetic parameters for the solar active region},
	DOI= "10.1051/0004-6361/202244058",
	url= "https://doi.org/10.1051/0004-6361/202244058",
	journal = {A\&A},
	year = 2022,
	volume = 665,
	pages = "A101",
}

@article{Poisson2020b,
	doi = {10.3847/1538-4357/ab8944},
	url = {https://doi.org/10.3847/1538-4357/ab8944},
	year = {2020b},
	month = {may},
	publisher = {American Astronomical Society},
	volume = {894},
	number = {2},
	pages = {131},
	author = {Mariano Poisson and Pascal D{\'{e}}moulin and Cristina H. Mandrini and Marcelo C. L{\'{o}}pez Fuentes},
	title = {Active-region Tilt Angles from White-light Images and Magnetograms: The Role of Magnetic Tongues},
	journal = {The Astrophysical Journal}
}

@article{Poisson20a,
	author = {{Poisson}, M. and {L\'opez Fuentes}, M. C. and {Mandrini}, C. H. and {D\'emoulin}, P. and {MacCormack}, C.},
	title = {Correcting the effect of magnetic tongues on the tilt angle of bipolar active regions},
	DOI= "10.1051/0004-6361/201936924",
	url= "https://doi.org/10.1051/0004-6361/201936924",
	journal = {A\&A},
	year = {2020a},
	volume = 633,
	pages = "A151",
}

@ARTICLE{Poisson16,
   author = {{Poisson}, M. and {D{\'e}moulin}, P. and {L{\'o}pez Fuentes}, M. and 
	{Mandrini}, C.~H.},
    title = "{Properties of Magnetic Tongues over a Solar Cycle}",
  journal = {\solphys},
archivePrefix = "arXiv",
   eprint = {1609.00329},
 primaryClass = "astro-ph.SR",
 keywords = {Active regions, magnetic fields, Corona, structures, Helicity, magnetic, Helicity, observations},
     year = 2016,
    month = aug,
   volume = 291,
    pages = {1625-1646},
      doi = {10.1007/s11207-016-0926-x},
   adsurl = {http://adsabs.harvard.edu/abs/2016SoPh..291.1625P},
  adsnote = {Provided by the SAO/NASA Astrophysics Data System}
}

@ARTICLE{Poisson15a,
   author = {{Poisson}, M. and {Mandrini}, C.~H. and {D{\'e}moulin}, P. and 
	{L{\'o}pez Fuentes}, M.},
    title = "{Evidence of Twisted Flux-Tube Emergence in Active Regions}",
  journal = {\solphys},
archivePrefix = "arXiv",
   eprint = {1505.01805},
 primaryClass = "astro-ph.SR",
     year = 2015,
   volume = 290,
    pages = {727-751},
      doi = {10.1007/s11207-014-0633-4},
   adsurl = {http://cdsads.u-strasbg.fr/abs/2015SoPh..290..727P},
  adsnote = {Provided by the SAO/NASA Astrophysics Data System}
}

@ARTICLE{Poisson15b,
   author = {{Poisson}, M. and {L{\'o}pez Fuentes}, M. and {Mandrini}, C.~H. and 
	{D{\'e}moulin}, P.},
    title = "{Active-Region Twist Derived from Magnetic Tongues and Linear Force-Free Extrapolations}",
  journal = {\solphys},
     year = 2015,
   volume = 290,
    pages = {3279-3294},
      doi = {10.1007/s11207-015-0804-y},
   adsurl = {http://adsabs.harvard.edu/abs/2015SoPh..290.3279P},
  adsnote = {Provided by the SAO/NASA Astrophysics Data System}
}


@ARTICLE{Fan09,
   author = {{Fan}, Y.},
    title = "{The emergence of a twisted flux tube into the solar atmosphere: sunspot rotations and the formation of a coronal flux rope}",
  journal = {\apj},
     year = 2009,
   volume = 697,
    pages = {1529-1542},
      doi = {10.1088/0004-637X/697/2/1529},
   adsurl = {http://cdsads.u-strasbg.fr/abs/2009ApJ...697.1529F},
  adsnote = {Provided by the SAO/NASA Astrophysics Data System}
}

@ARTICLE{Lites98,
       author = {{Lites}, B.~W. and {Skumanich}, A. and {Martinez Pillet}, V.},
        title = "{Vector magnetic fields of emerging solar flux. I. Properties at the site of emergence}",
      journal = {\aap},
     keywords = {SUN: MAGNETIC FIELDS, SUNSPOTS, SUN: FACULAE, PLAGES, SUN: ACTIVITY, SUN: PHOTOSPHERE},
         year = 1998,
        month = may,
       volume = {333},
        pages = {1053-1068},
       adsurl = {https://ui.adsabs.harvard.edu/abs/1998A&A...333.1053L},
      adsnote = {Provided by the SAO/NASA Astrophysics Data System}
}

@article{Nikbakhsh19,
	author = {{Nikbakhsh}, S. and {Tanskanen}, E. I. and {K\"apyl\"a}, M. J. and {Hackman}, T.},
	title = {Differences in the solar cycle variability of simple and complex active regions during 1996-2018},
	DOI= "10.1051/0004-6361/201935486",
	url= "https://doi.org/10.1051/0004-6361/201935486",
	journal = {A\&A},
	year = 2019,
	volume = 629,
	pages = "A45",
}

@article{Watanabe13,
  author  = {Sumio Watanabe},
  title   = {A Widely Applicable Bayesian Information Criterion},
  journal = {Journal of Machine Learning Research},
  year    = {2013},
  volume  = {14},
  number  = {27},
  pages   = {867--897},
  url     = {http://jmlr.org/papers/v14/watanabe13a.html}
}


@article{Gelman14,
title = "Understanding predictive information criteria for Bayesian models",
author = "Andrew Gelman and Jessica Hwang and Aki Vehtari",
year = "2014",
doi = "10.1007/s11222-013-9416-2",
language = "English",
volume = "24",
pages = "997--1016",
journal = "STATISTICS AND COMPUTING",
issn = "0960-3174",
publisher = "Springer",
number = "6",

}

@Article{Vehtari2017,
author={Vehtari, Aki
and Gelman, Andrew
and Gabry, Jonah},
title={Practical Bayesian model evaluation using leave-one-out cross-validation and WAIC},
journal={Statistics and Computing},
year={2017},
month={Sep},
day={01},
volume={27},
number={5},
pages={1413-1432},
abstract={Leave-one-out cross-validation (LOO) and the widely applicable information criterion (WAIC) are methods for estimating pointwise out-of-sample prediction accuracy from a fitted Bayesian model using the log-likelihood evaluated at the posterior simulations of the parameter values. LOO and WAIC have various advantages over simpler estimates of predictive error such as AIC and DIC but are less used in practice because they involve additional computational steps. Here we lay out fast and stable computations for LOO and WAIC that can be performed using existing simulation draws. We introduce an efficient computation of LOO using Pareto-smoothed importance sampling (PSIS), a new procedure for regularizing importance weights. Although WAIC is asymptotically equal to LOO, we demonstrate that PSIS-LOO is more robust in the finite case with weak priors or influential observations. As a byproduct of our calculations, we also obtain approximate standard errors for estimated predictive errors and for comparison of predictive errors between two models. We implement the computations in an R package called loo and demonstrate using models fit with the Bayesian inference package Stan.},
issn={1573-1375},
doi={10.1007/s11222-016-9696-4},
url={https://doi.org/10.1007/s11222-016-9696-4}
}

@ARTICLE{stenflo2012,
       author = {{Stenflo}, J.~O. and {Kosovichev}, A.~G.},
        title = "{Bipolar Magnetic Regions on the Sun: Global Analysis of the SOHO/MDI Data Set}",
      journal = {\apj},
     keywords = {Sun: activity, Sun: dynamo, Sun: interior, Sun: surface magnetism, Astrophysics - Solar and Stellar Astrophysics},
         year = 2012,
        month = feb,
       volume = {745},
       number = {2},
          eid = {129},
        pages = {129},
          doi = {10.1088/0004-637X/745/2/129},
archivePrefix = {arXiv},
       eprint = {1112.5226},
 primaryClass = {astro-ph.SR},
       adsurl = {https://ui.adsabs.harvard.edu/abs/2012ApJ...745..129S},
      adsnote = {Provided by the SAO/NASA Astrophysics Data System}
}



@BOOK{schrijver2000,
       author = {{Schrijver}, Carolus J. and {Zwaan}, Cornelis},
        title = "{Solar and Stellar Magnetic Activity}",
         year = 2000,
       adsurl = {https://ui.adsabs.harvard.edu/abs/2000ssma.book.....S},
      adsnote = {Provided by the SAO/NASA Astrophysics Data System}
}


@ARTICLE{Scherrer95,
       author = {{Scherrer}, P.~H. and {Bogart}, R.~S. and {Bush}, R.~I. and {Hoeksema}, J.~T. and {Kosovichev}, A.~G. and {Schou}, J. and {Rosenberg}, W. and {Springer}, L. and {Tarbell}, T.~D. and {Title}, A. and {Wolfson}, C.~J. and {Zayer}, I. and {MDI Engineering Team}},
        title = "{The Solar Oscillations Investigation - Michelson Doppler Imager}",
      journal = {\solphys},
     keywords = {Solar Cycle, Convection Zone, Stellar Evolution, Solar Magnetic Field, Michelson Interferometer},
         year = 1995,
        month = dec,
       volume = {162},
       number = {1-2},
        pages = {129-188},
          doi = {10.1007/BF00733429},
       adsurl = {https://ui.adsabs.harvard.edu/abs/1995SoPh..162..129S},
      adsnote = {Provided by the SAO/NASA Astrophysics Data System}
}

@ARTICLE{schunker2020,
       author = {{Schunker}, H. and {Baumgartner}, C. and {Birch}, A.~C. and {Cameron}, R.~H. and {Braun}, D.~C. and {Gizon}, L.},
        title = "{Average motion of emerging solar active region polarities. II. Joy's law}",
      journal = {\aap},
     keywords = {Sun: activity, Sun: magnetic fields, Astrophysics - Solar and Stellar Astrophysics},
         year = 2020,
        month = aug,
       volume = {640},
          eid = {A116},
        pages = {A116},
          doi = {10.1051/0004-6361/201937322},
archivePrefix = {arXiv},
       eprint = {2006.05565},
 primaryClass = {astro-ph.SR},
       adsurl = {https://ui.adsabs.harvard.edu/abs/2020A&A...640A.116S},
      adsnote = {Provided by the SAO/NASA Astrophysics Data System}
}



@book{Bayes,
author = {Lee, Peter M.},
title = {Bayesian Statistics: An Introduction},
year = {2012},
isbn = {1118332571},
publisher = {Wiley Publishing},
edition = {4th},
abstract = {Bayesian Statistics is the school of thought that combines prior beliefs with the likelihood of a hypothesis to arrive at posterior beliefs. The first edition of Peter Lees book appeared in 1989, but the subject has moved ever onwards, with increasing emphasis on Monte Carlo based techniques.This new fourth edition looks at recent techniques such as variational methods, Bayesian importance sampling, approximate Bayesian computation and Reversible Jump Markov Chain Monte Carlo (RJMCMC), providing a concise account of the way in which the Bayesian approach to statistics develops as well as how it contrasts with the conventional approach. The theory is built up step by step, and important notions such as sufficiency are brought out of a discussion of the salient features of specific examples.This edition:Includes expanded coverage of Gibbs sampling, including more numerical examples and treatments of OpenBUGS, R2WinBUGS and R2OpenBUGS.Presents significant new material on recent techniques such as Bayesian importance sampling, variational Bayes, Approximate Bayesian Computation (ABC) and Reversible Jump Markov Chain Monte Carlo (RJMCMC).Provides extensive examples throughout the book to complement the theory presented.Accompanied by a supporting website featuring new material and solutions.More and more students are realizing that they need to learn Bayesian statistics to meet their academic and professional goals. This book is best suited for use as a main text in courses on Bayesian statistics for third and fourth year undergraduates and postgraduate students.}
}

@ARTICLE{Brandenburg2005,
       author = {{Brandenburg}, Axel and {Subramanian}, Kandaswamy},
        title = "{Astrophysical magnetic fields and nonlinear dynamo theory}",
      journal = {\physrep},
     keywords = {Astrophysics},
         year = 2005,
        month = oct,
       volume = {417},
       number = {1-4},
        pages = {1-209},
          doi = {10.1016/j.physrep.2005.06.005},
archivePrefix = {arXiv},
       eprint = {astro-ph/0405052},
 primaryClass = {astro-ph},
       adsurl = {https://ui.adsabs.harvard.edu/abs/2005PhR...417....1B},
      adsnote = {Provided by the SAO/NASA Astrophysics Data System}
}

@BOOK{Parker79,
       author = {{Parker}, E.~N.},
        title = "{Cosmical magnetic fields. Their origin and their activity}",
         year = 1979,
       adsurl = {https://ui.adsabs.harvard.edu/abs/1979cmft.book.....P},
      adsnote = {Provided by the SAO/NASA Astrophysics Data System}
}

@PROCEEDINGS{Charbonneau13,
       author = {{Charbonneau}, P.},
        title = "{Solar and Stellar Dynamos}",
    booktitle = {Saas-Fee Advanced Course},
         year = 2013,
       series = {Saas-Fee Advanced Course},
       volume = {39},
        month = jan,
          doi = {10.1007/978-3-642-32093-4},
       adsurl = {https://ui.adsabs.harvard.edu/abs/2013SAAS...39.....C},
      adsnote = {Provided by the SAO/NASA Astrophysics Data System}
}

@ARTICLE{Spruit99,
       author = {{Spruit}, H.~C.},
        title = "{Differential rotation and magnetic fields in stellar interiors}",
      journal = {\aap},
     keywords = {INSTABILITIES, MAGNETOHYDRODYNAMICS (MHD), STARS: MAGNETIC FIELDS, STARS: ROTATION, SUN: ROTATION, Astrophysics},
         year = 1999,
        month = sep,
       volume = {349},
        pages = {189-202},
          doi = {10.48550/arXiv.astro-ph/9907138},
archivePrefix = {arXiv},
       eprint = {astro-ph/9907138},
 primaryClass = {astro-ph},
       adsurl = {https://ui.adsabs.harvard.edu/abs/1999A&A...349..189S},
      adsnote = {Provided by the SAO/NASA Astrophysics Data System}
}

@ARTICLE{Howe2009,
       author = {{Howe}, Rachel},
        title = "{Solar Interior Rotation and its Variation}",
      journal = {Living Reviews in Solar Physics},
     keywords = {Sun, solar interior, helioseismology, convection, solar cycle, Solar Cycle, Convection Zone, Differential Rotation, Torsional Oscillation, Meridional Flow, Astrophysics - Solar and Stellar Astrophysics},
         year = 2009,
        month = dec,
       volume = {6},
       number = {1},
          eid = {1},
        pages = {1},
          doi = {10.12942/lrsp-2009-1},
archivePrefix = {arXiv},
       eprint = {0902.2406},
 primaryClass = {astro-ph.SR},
       adsurl = {https://ui.adsabs.harvard.edu/abs/2009LRSP....6....1H},
      adsnote = {Provided by the SAO/NASA Astrophysics Data System}
}

@ARTICLE{Miesch07,
       author = {{Miesch}, Mark S. and {Gilman}, Peter A. and {Dikpati}, Mausumi},
        title = "{Nonlinear Evolution of Global Magnetoshear Instabilities in a Three-dimensional Thin-Shell Model of the Solar Tachocline}",
      journal = {\apjs},
     keywords = {Instabilities, Magnetohydrodynamics: MHD, Sun: Interior, Sun: Rotation},
         year = 2007,
        month = feb,
       volume = {168},
       number = {2},
        pages = {337-361},
          doi = {10.1086/509880},
       adsurl = {https://ui.adsabs.harvard.edu/abs/2007ApJS..168..337M},
      adsnote = {Provided by the SAO/NASA Astrophysics Data System}
}

@ARTICLE{Nelson2013,
       author = {{Nelson}, Nicholas J. and {Brown}, Benjamin P. and {Brun}, Allan Sacha and {Miesch}, Mark S. and {Toomre}, Juri},
        title = "{Magnetic Wreaths and Cycles in Convective Dynamos}",
      journal = {\apj},
     keywords = {convection, stars: interiors, stars: magnetic field, Sun: interior, Astrophysics - Solar and Stellar Astrophysics, Physics - Computational Physics},
         year = 2013,
        month = jan,
       volume = {762},
       number = {2},
          eid = {73},
        pages = {73},
          doi = {10.1088/0004-637X/762/2/73},
archivePrefix = {arXiv},
       eprint = {1211.3129},
 primaryClass = {astro-ph.SR},
       adsurl = {https://ui.adsabs.harvard.edu/abs/2013ApJ...762...73N},
      adsnote = {Provided by the SAO/NASA Astrophysics Data System}
}

@ARTICLE{Yeates2023,
       author = {{Yeates}, Anthony R. and {Cheung}, Mark C.~M. and {Jiang}, Jie and {Petrovay}, Kristof and {Wang}, Yi-Ming},
        title = "{Surface Flux Transport on the Sun}",
      journal = {\ssr},
     keywords = {Sun, Solar magnetic field, Solar photosphere, Solar activity, Astrophysics - Solar and Stellar Astrophysics},
         year = 2023,
        month = jun,
       volume = {219},
       number = {4},
          eid = {31},
        pages = {31},
          doi = {10.1007/s11214-023-00978-8},
archivePrefix = {arXiv},
       eprint = {2303.01209},
 primaryClass = {astro-ph.SR},
       adsurl = {https://ui.adsabs.harvard.edu/abs/2023SSRv..219...31Y},
      adsnote = {Provided by the SAO/NASA Astrophysics Data System}
}

@ARTICLE{Gibson06,
       author = {{Gibson}, S.~E. and {Fan}, Y.},
        title = "{Coronal prominence structure and dynamics: A magnetic flux rope interpretation}",
      journal = {Journal of Geophysical Research (Space Physics)},
     keywords = {Interplanetary Physics: Coronal mass ejections (7513), Solar Physics, Astrophysics, and Astronomy: Corona, and Astronomy: Magnetic fields, and Astronomy: Magnetic reconnection (2723, 7835), and Astronomy: Prominence eruptions, coronal mass ejection, flux rope, prominence},
         year = 2006,
        month = dec,
       volume = {111},
       number = {A12},
          eid = {A12103},
        pages = {A12103},
          doi = {10.1029/2006JA011871},
       adsurl = {https://ui.adsabs.harvard.edu/abs/2006JGRA..11112103G},
      adsnote = {Provided by the SAO/NASA Astrophysics Data System}
}



@ARTICLE{Gibson04,
   author = {{Gibson}, S.~E. and {Fan}, Y. and {Mandrini}, C. and {Fisher}, G. and 
	{D{\'e}moulin}, P.},
    title = "{Observational consequences of a magnetic flux rope emerging into the corona}",
  journal = {\apj},
     year = 2004,
   volume = 617,
    pages = {600-613},
      doi = {10.1086/425294}
}

@ARTICLE{Green02,
   author = {{Green}, L.~M. and {L{\'o}pez fuentes}, M.~C. and {Mandrini}, C.~H. and 
	{D{\'e}moulin}, P. and {Van Driel-Gesztelyi}, L. and {Culhane}, J.~L.
	},
    title = "{The magnetic helicity budget of a CME-prolific active region}",
  journal = {\solphys},
     year = 2002,
   volume = 208,
    pages = {43-68},
      doi = {10.1023/A:1019658520033},
   adsurl = {http://cdsads.u-strasbg.fr/abs/2002SoPh..208...43G},
  adsnote = {Provided by the SAO/NASA Astrophysics Data System}
}

@ARTICLE{Berger84,
   author = {{Berger}, M.~A.},
    title = "{Rigorous new limits on magnetic helicity dissipation in the solar corona}",
  journal = {Geophysical and Astrophysical Fluid Dynamics},
     year = 1984,
   volume = 30,
    pages = {79-104},
      doi = {10.1080/03091928408210078},
   adsurl = {http://cdsads.u-strasbg.fr/abs/1984GApFD..30...79B},
  adsnote = {Provided by the SAO/NASA Astrophysics Data System}
}

@ARTICLE{Berger06,
   author = {{Berger}, M.~A. and {Prior}, C.},
    title = "{The writhe of open and closed curves}",
  journal = {Journal of Physics A Mathematical General},
     year = 2006,
   volume = 39,
    pages = {8321-8348},
      doi = {10.1088/0305-4470/39/26/005},
   adsurl = {http://cdsads.u-strasbg.fr/abs/2006JPhA...39.8321B},
  adsnote = {Provided by the SAO/NASA Astrophysics Data System}
}

@ARTICLE{Chandra09,
   author = {{Chandra}, R. and {Schmieder}, B. and {Aulanier}, G. and {Malherbe}, J.~M.
	},
    title = "{Evidence of magnetic helicity in emerging flux and associated flare}",
  journal = {\solphys},
archivePrefix = "arXiv",
   eprint = {0906.1210},
     year = 2009,
   volume = 258,
    pages = {53-67},
      doi = {10.1007/s11207-009-9392-z}
}

@ARTICLE{Longcope98,
   author = {{Longcope}, D.~W. and {Fisher}, G.~H. and {Pevtsov}, A.~A.},
    title = "{Flux-Tube Twist Resulting from Helical Turbulence: The {$\Sigma$}-Effect}",
  journal = {\apj},
     year = 1998,
   volume = 507,
    pages = {417-432},
      doi = {10.1086/306312}
}

@ARTICLE{Mandrini04,
   author = {{Mandrini}, C.~H. and {D{\'e}moulin}, P. and {van Driel-Gesztelyi}, L. and {Green}, L. and {L{\'o}pez Fuentes}, M.~C.
	},
    title = "{Magnetic helicity budget of solar-active regions from the photosphere to magnetic clouds}",
  journal = {\apss},
     year = 2004,
   volume = 290,
    pages = {319-344},
      doi = {10.1023/B:ASTR.0000032533.31817.0e},
   adsurl = {http://cdsads.u-strasbg.fr/abs/2004Ap%26SS.290..319M},
  adsnote = {Provided by the SAO/NASA Astrophysics Data System}
}



@ARTICLE{Tian03,
       author = {{Tian}, Lirong and {Liu}, Yang and {Wang}, Huaning},
        title = "{Latitude and Magnetic Flux Dependence of the Tilt Angle of Bipolar Regions}",
      journal = {\solphys},
     keywords = {Distribution Function, Active Region, Magnetic Flux, Tilt Angle, Magnetic Polarity},
         year = 2003,
        month = aug,
       volume = {215},
       number = {2},
        pages = {281-293},
          doi = {10.1023/A:1025686305225},
       adsurl = {https://ui.adsabs.harvard.edu/abs/2003SoPh..215..281T},
      adsnote = {Provided by the SAO/NASA Astrophysics Data System}
}

@ARTICLE{toriumi2014,
       author = {{Toriumi}, S. and {Iida}, Y. and {Kusano}, K. and {Bamba}, Y. and {Imada}, S.},
        title = "{Formation of a Flare-Productive Active Region: Observation and Numerical Simulation of NOAA AR 11158}",
      journal = {\solphys},
     keywords = {Active regions, magnetic fields, Flares, relation to magnetic field, Interior, convective zone, Astrophysics - Solar and Stellar Astrophysics},
         year = 2014,
        month = sep,
       volume = {289},
       number = {9},
        pages = {3351-3369},
          doi = {10.1007/s11207-014-0502-1},
archivePrefix = {arXiv},
       eprint = {1403.4029},
 primaryClass = {astro-ph.SR},
       adsurl = {https://ui.adsabs.harvard.edu/abs/2014SoPh..289.3351T},
      adsnote = {Provided by the SAO/NASA Astrophysics Data System}
}



@ARTICLE{toriumi2019,
       author = {{Toriumi}, Shin and {Wang}, Haimin},
        title = "{Flare-productive active regions}",
      journal = {Living Reviews in Solar Physics},
     keywords = {Active regions, Magnetic fields active regions, Structure coronal mass ejections, Initiation and propagation flares, Dynamics flares, Models magnetohydrodynamics, Astrophysics - Solar and Stellar Astrophysics},
         year = 2019,
        month = dec,
       volume = {16},
       number = {1},
          eid = {3},
        pages = {3},
          doi = {10.1007/s41116-019-0019-7},
archivePrefix = {arXiv},
       eprint = {1904.12027},
 primaryClass = {astro-ph.SR},
       adsurl = {https://ui.adsabs.harvard.edu/abs/2019LRSP...16....3T},
      adsnote = {Provided by the SAO/NASA Astrophysics Data System}
}



@ARTICLE{Howard91,
       author = {{Howard}, Robert F.},
        title = "{The Magnetic Fields of Active Regions - Part Five}",
      journal = {\solphys},
     keywords = {Magnetic Poles, Magnetic Signatures, Solar Activity, Solar Magnetic Field, Sunspot Cycle, Dynamo Theory, Magnetic Field Configurations, Magnetic Flux, Solar Observatories, Solar Physics, Active Region, Tilt Angle, Orientation Angle, Magnetic Polis, Flux Rope},
         year = 1991,
        month = mar,
       volume = {132},
       number = {1},
        pages = {49-61},
          doi = {10.1007/BF00159129},
       adsurl = {https://ui.adsabs.harvard.edu/abs/1991SoPh..132...49H},
      adsnote = {Provided by the SAO/NASA Astrophysics Data System}
}

@article{Cameron10,
doi = {10.1088/0004-637X/719/1/264},
url = {https://dx.doi.org/10.1088/0004-637X/719/1/264},
year = {2010},
month = {jul},
publisher = {The American Astronomical Society},
volume = {719},
number = {1},
pages = {264},
author = {R. H. Cameron and J. Jiang and D. Schmitt and M. Schüssler},
title = {SURFACE FLUX TRANSPORT MODELING FOR SOLAR CYCLES 15–21: EFFECTS OF CYCLE-DEPENDENT TILT ANGLES OF SUNSPOT GROUPS},
journal = {The Astrophysical Journal},
abstract = {We model the surface magnetic field and open flux of the Sun from 1913 to 1986 using a surface flux transport model, which includes the observed cycle-to-cycle variation of sunspot group tilts. The model reproduces the empirically derived time evolution of the solar open magnetic flux and the reversal times of the polar fields. We find that both the polar field and the axial dipole moment resulting from this model around cycle minimum correlate with the strength of the following cycle.}
}

@INPROCEEDINGS{Loredo92,
       author = {{Loredo}, T.~J.},
        title = "{Promise of Bayesian inference for astrophysics.}",
    booktitle = {Statistical Challenges in Modern Astronomy},
         year = 1992,
        month = jan,
        pages = {275-297},
          doi = {10.1007/978-1-4613-9290-3_31},
       adsurl = {https://ui.adsabs.harvard.edu/abs/1992scma.conf..275L},
      adsnote = {Provided by the SAO/NASA Astrophysics Data System}
}

@ARTICLE{Trotta08,
       author = {{Trotta}, Roberto},
        title = "{Bayes in the sky: Bayesian inference and model selection in cosmology}",
      journal = {Contemporary Physics},
     keywords = {Astrophysics},
         year = 2008,
        month = mar,
       volume = {49},
       number = {2},
        pages = {71-104},
          doi = {10.1080/00107510802066753},
archivePrefix = {arXiv},
       eprint = {0803.4089},
 primaryClass = {astro-ph},
       adsurl = {https://ui.adsabs.harvard.edu/abs/2008ConPh..49...71T},
      adsnote = {Provided by the SAO/NASA Astrophysics Data System}
}

@ARTICLE{Arregui2014,
       author = {{Arregui}, I. and {Asensio Ramos}, A.},
        title = "{Determination of the cross-field density structuring in coronal waveguides using the damping of transverse waves}",
      journal = {\aap},
     keywords = {magnetohydrodynamics (MHD), waves, methods: statistical, Sun: corona, Sun: oscillations, Astrophysics - Solar and Stellar Astrophysics},
         year = 2014,
        month = may,
       volume = {565},
          eid = {A78},
        pages = {A78},
          doi = {10.1051/0004-6361/201423536},
archivePrefix = {arXiv},
       eprint = {1404.0584},
 primaryClass = {astro-ph.SR},
       adsurl = {https://ui.adsabs.harvard.edu/abs/2014A&A...565A..78A},
      adsnote = {Provided by the SAO/NASA Astrophysics Data System}
}



@ARTICLE{Arregui18,
       author = {{Arregui}, I{\~n}igo},
        title = "{Bayesian coronal seismology}",
      journal = {Advances in Space Research},
     keywords = {Magnetohydrodynamics (MHD), Methods: statistical, Sun: corona, Sun: oscillations, Astrophysics - Solar and Stellar Astrophysics},
         year = 2018,
        month = jan,
       volume = {61},
       number = {2},
        pages = {655-672},
          doi = {10.1016/j.asr.2017.09.031},
archivePrefix = {arXiv},
       eprint = {1709.08372},
 primaryClass = {astro-ph.SR},
       adsurl = {https://ui.adsabs.harvard.edu/abs/2018AdSpR..61..655A},
      adsnote = {Provided by the SAO/NASA Astrophysics Data System}
}

@ARTICLE{Arellana23,
       author = {{Arellana}, Javier and {Franco}, Mariano and {Grings}, Francisco},
        title = "{Using SAOCOM Data and Bayesian Inference to Estimate Soil Dielectric Constant in Agricultural Soils}",
      journal = {IEEE Geoscience and Remote Sensing Letters},
     keywords = {Earth Science},
         year = 2023,
        month = jan,
       volume = {20},
          eid = {3296094},
        pages = {3296094},
          doi = {10.1109/LGRS.2023.3296094},
       adsurl = {https://ui.adsabs.harvard.edu/abs/2023IGRSL..2096094A},
      adsnote = {Provided by the SAO/NASA Astrophysics Data System}
}

@article{Dasso2009,
author = {Dasso, S. and Mandrini, C. H. and Schmieder, B. and Cremades, H. and Cid, C. and Cerrato, Y. and Saiz, E. and Démoulin, P. and Zhukov, A. N. and Rodriguez, L. and Aran, A. and Menvielle, M. and Poedts, S.},
title = {Linking two consecutive nonmerging magnetic clouds with their solar sources},
journal = {Journal of Geophysical Research: Space Physics},
volume = {114},
number = {A2},
pages = {},
keywords = {magnetic clouds, interplanetary coronal mass ejections, ejective events},
doi = {https://doi.org/10.1029/2008JA013102},
url = {https://agupubs.onlinelibrary.wiley.com/doi/abs/10.1029/2008JA013102},
eprint = {https://agupubs.onlinelibrary.wiley.com/doi/pdf/10.1029/2008JA013102},
year = {2009}
}

@ARTICLE{dasi2010,
       author = {{Dasi-Espuig}, M. and {Solanki}, S.~K. and {Krivova}, N.~A. and {Cameron}, R. and {Pe{\~n}uela}, T.},
        title = "{Sunspot group tilt angles and the strength of the solar cycle}",
      journal = {\aap},
     keywords = {sunspots, Sun: dynamo, magnetic fields, Sun: activity, Astrophysics - Solar and Stellar Astrophysics},
         year = 2010,
        month = jul,
       volume = {518},
          eid = {A7},
        pages = {A7},
          doi = {10.1051/0004-6361/201014301},
archivePrefix = {arXiv},
       eprint = {1005.1774},
 primaryClass = {astro-ph.SR},
       adsurl = {https://ui.adsabs.harvard.edu/abs/2010A&A...518A...7D},
      adsnote = {Provided by the SAO/NASA Astrophysics Data System}
}



@article {KL1951,
    AUTHOR = {Kullback, S. and Leibler, R. A.},
     TITLE = {On information and sufficiency},
   JOURNAL = {Ann. Math. Statistics},
  FJOURNAL = {Annals of Mathematical Statistics},
    VOLUME = {22},
      YEAR = {1951},
     PAGES = {79--86},
      ISSN = {0003-4851},
   MRCLASS = {62.0X},
  MRNUMBER = {39968},
MRREVIEWER = {L.\ J.\ Savage},
       DOI = {10.1214/aoms/1177729694},
       URL = {https://doi.org/10.1214/aoms/1177729694},
}
